<?xml version="1.0" encoding="UTF-8"?><collection xmlns="http://www.loc.gov/MARC21/slim"><record><leader>00334nam--2200145-i-4500</leader><controlfield tag="001">000011412</controlfield><controlfield tag="002">20161230</controlfield><controlfield tag="005">20170304155910</controlfield><controlfield tag="008">060222s1000------------r-----000-0-eng-d</controlfield><datafield ind1=" " ind2=" " tag="100"><subfield code="a">Daniels, T</subfield></datafield><datafield ind1=" " ind2=" " tag="245"><subfield code="a">Thermal analysis</subfield></datafield><datafield ind1=" " ind2=" " tag="260"><subfield code="a">London</subfield><subfield code="b">Kogan Page</subfield><subfield code="c">1973</subfield></datafield><datafield ind1=" " ind2=" " tag="300"><subfield code="a">272 p</subfield></datafield><datafield ind1=" " ind2=" " tag="852"><subfield code="a">543.226</subfield></datafield><datafield ind1=" " ind2=" " tag="CAT"><subfield code="a">SYS</subfield><subfield code="c">20170304</subfield><subfield code="h">155910</subfield></datafield></record></collection>